01BGMAX               0120210928133731282899P                                   
050057237273          SEK                                                       
200000000000145519                   000000000000291500314984801846000          
26HUDSALONGEN I VÄTTERBYGDEN AB                                                 
27BORGMÄSTARGRÄND 1C                 553 20                                     
28JÖNKÖPING                                                                     
200000000000145871                   000000000000258000314984801846010          
26HUDSALONGEN I VÄTTERBYGDEN AB                                                 
27BORGMÄSTARGRÄND 1C                 553 20                                     
28JÖNKÖPING                                                                     
200000000000145639                   000000000000585000314984803574340          
26ANNA ÖSTERBERG                                                                
27KÄRRA BLOMÄNG                      438 96                                     
28HÄLLINGSJÖ                                                                    
200000000000145375                   000000000000193600314984800140090          
26ANN-SOFI FJELLSTRÖM                                                           
27HULTAVÄGEN 58                      439 55                                     
28ÅSA                                                                           
200000000000faktura 146048 kund nr 88000000000000575400314984800140070          
2549                                                                            
26MELINDA ELMBARK                                                               
27SKIFFERGATAN 7                     712 60                                     
28GRYTHYTTAN                                                                    
200000000000K10093 f145928           000000000000362400314984800140080          
26JOHANNA MARIA BRAGE                                                           
27SMEDSBY GÅRD 19                    591 96                                     
28MOTALA                                                                        
200000000000FAKTNR 146573, KUNDNR 125000000000000121600314984806914980          
2547                                                                            
26NADI LANDEGREN NASIM                                                          
27LANTGÅRDSVÄGEN 42                  192 74                                     
28SOLLENTUNA                                                                    
200000000000 146066  KUNDNR  11128   000000000000123300314984806915000          
26MALMQUIST FRIDA                                                               
27MOGATAN 2 B                        566 34                                     
28HABO                                                                          
200000000000FAKT NR 146425           000000000000165700314984806914990          
26SANDBERG SUSANNE                                                              
27GULSPORREVÄGEN 8                   139 35                                     
28VÄRMDÖ                                                                        
200000000000146509/1727              000000000000229900314984806914940          
26PAANANEN SISKO                                                                
27MÖRTSJÖVÄGEN 9                     611 99                                     
28TYSTBERGA                                                                     
200000000000FNR. 145887 KUNDNR. 9655 000000000000320200314984806914960          
26MUNTERS MONIKA                                                                
27STRANDVÄGEN 4                      786 72                                     
28DALA-JÄRNA                                                                    
200000000000145948/12469             000000000000553400314984806914970          
26EC MOMENTS AB                      FOTVALVET                                  
27RIDDARGATAN 17                     114 57                                     
28STOCKHOLM                                                                     
20000000000012469/146454             000000000000686800314984806914950          
26EC MOMENTS AB                      FOTVALVET                                  
27RIDDARGATAN 17                     114 57                                     
28STOCKHOLM                                                                     
200000000000F-145492 kund 9831       000000000000296000314984803574330          
26NATURAL BODY I ANDERSTORP AB                                                  
27BJÖRKVÄGEN 5                       330 10                                     
28BREDARYD                                                                      
200000000000F-145541 kund 9831       000000000000016700314984803574320          
26NATURAL BODY I ANDERSTORP AB                                                  
27BJÖRKVÄGEN 5                       330 10                                     
28BREDARYD                                                                      
200000000000                         000000000000070000014984810442520          
25faktura nr: 145593Kundnr: 12542                                               
26SJÖNVALL MARGARETHA                                                           
27SILKESVÄGEN 4                      196 38                                     
28KUNGSÄNGEN                                                                    
200000000000145241                   000000000000333700314984810442530          
26EKOFRISÖREN I NORRKÖPING                                                      
27BREDGATAN 2                        602 21                                     
28NORRKÖPING                                                                    
200000000000Faktura 145774           000000000000088400314984807953170          
26Tina Brodd                                                                    
27Asplunds Väg 22                    136 49                                     
28Vega                                                                          
200000000000Faktura 145157 kund 870  000000000000647800314984807324100          
26Yvonne Wallin                      Timmervägen 5                              
2773749 Fagersta                                                                
28UPPGIFT SAKNAS                                                                
200000000000145133                   000000000000135000314984807953140          
26Ann-Kristin Alebjer                C/O A-K Alebjer                            
27Dina Fötter i Habo                                                            
28omsgatan 11                                                                   
2000000000004544 145960              000000000000188000314984807953130          
26Helen Hilmersson Bring             Björstorp Björkebo                         
2754192 Skövde                                                                  
28UPPGIFT SAKNAS                                                                
2000000000004544 146499              000000000000162500314984807953160          
26Helen Hilmersson Bring             Björstorp Björkebo                         
2754192 Skövde                                                                  
28UPPGIFT SAKNAS                                                                
200000000000144997+145354            000000000000394000314984807953150          
26Anna Ajax                                                                     
27Kyrkogatan 16 A Lgh 1403           852 31                                     
28Sundsvall                                                                     
200005093612145569 8619              000000000000550100314984805336650          
25145569 8619                                                                   
26Emma J                             Grönahögsv 15                              
27                                   52330                                      
28ULRICEHAMN                                                                    
29008405065585                                                                  
15000000000000000000081050090427838532021092800370000000000007349000SEK00000024 
050057237273          SEK                                                       
200000000000144815                   000000000000419200314984813078260          
26ROZI SKRALOVNIK                                                               
27OXSJÖ 132                          855 99                                     
28LIDEN                                                                         
200059686139144665                   000000000000989300324984811689680          
26DIN HÄLSOBUTIK VITAMINEN AB        INTERNET                                   
27FRYKMANSVÄG 1                      65346                                      
28KARLSTAD                                                                      
29005565143863                                                                  
200059686139145497                   000000000000929500324984811689690          
26DIN HÄLSOBUTIK VITAMINEN AB        INTERNET                                   
27FRYKMANSVÄG 1                      65346                                      
28KARLSTAD                                                                      
29005565143863                                                                  
15000000000000000000081050090427838532021092800371000000000002338000SEK00000003 
7000000027000000000000000000000002                                              
