01BGMAX               0120160223133624677439P                                   
050057237273          SEK                                                       
20000000000063287                    000000000000120500314906301742600          
26LEDEMIA                                                                       
27RÖDHAKEVÄGEN 16 LENA BLIXT         135 68                                     
28TYRESÖ                                                                        
20000000000064002                    000000000000346125314906300835900          
2564002                                                                         
26KARLSSON, DIANA                                                               
27OLOFSBO SKATTAGÅRDEN 122           311 91                                     
28 FALKENBERG                                                                   
20000000000051601                    000000000000297000314906301211080          
26MIA VILTOK STUDIO AB                                                          
27SANDNÄSETVÄGEN 902                 975 94                                     
28LULEÅ                                                                         
200000000000KUNDNR 4325 FAKTURA 63890000000000000408500314906301211070          
26JENSEN ANGELIE                                                                
27TERRÄNGVÄGEN 105 LGH 1201          129 47                                     
28HÄGERSTEN                                                                     
200000000000Minerva 00040147         000000000000490525314906300269910          
26CECILIA KARLSSON                                                              
27NAUM JUTAGÅRDEN 4                  534 94                                     
28VARA                                                                          
200000000000Faktnr: 63600            000000000000270875314906300269930          
26ZAYNAB EL BAGDADI MAHMOUD                                                     
27ÖSTAKULLAVÄGEN 19                  438 34                                     
28LANDVETTER                                                                    
20000000000056157                    000000000000094250314906300269920          
26LARS-JÖRGEN WIGERTZ                                                           
27FRILLESÅS TRÄDGÅRDSVÄG 6 C         439 62                                     
28FRILLESÅS                                                                     
200000000000fakturanr 63313 kund 870 000000000000368675314906301538320          
26WALLIN, YVONNE                                                                
27TIMMERVÄGEN 5                      737 49                                     
28FAGERSTA                                                                      
20000000000064317                    000000000000211240314906301413160          
26SKOOG, ITA                                                                    
27DAMASTGATAN 52                     507 34                                     
28BRÄMHULT                                                                      
20000000000063778                    000000000000390850314906301413150          
26SKOOG, ITA                                                                    
27DAMASTGATAN 52                     507 34                                     
28BRÄMHULT                                                                      
20000000000064707                    000000000000206250314906301413170          
26SKOOG, ITA                                                                    
27DAMASTGATAN 52                     507 34                                     
28BRÄMHULT                                                                      
20000000000062742                    000000000001405875314906301658880          
26RUM FÖR HÄLSA I TYRESÖ HB                                                     
27TYRESÖ SLOTT, SLOTTET              135 60                                     
28TYRESÖ                                                                        
20000000000062775                    000000000001100265314906301658870          
26RUM FÖR HÄLSA I TYRESÖ HB                                                     
27TYRESÖ SLOTT, SLOTTET              135 60                                     
28TYRESÖ                                                                        
20000000000062185                    000000000000344000314906301658860          
26RUM FÖR HÄLSA I TYRESÖ HB                                                     
27TYRESÖ SLOTT, SLOTTET              135 60                                     
28TYRESÖ                                                                        
20000000000063687                    000000000000311175314906301742590          
26JENNY ANDERSSON                                                               
27SILA MARIEDAL 110                  610 14                                     
28REJMYRE                                                                       
15000000000000000000081050090427838532016022300070000000000006366105SEK00000015 
050057237273          SEK                                                       
200000000000Faktnr 61599             000000000000822915314906302869730          
26ESMERALDA FOGEL                                                               
27TRÖINGEVÄGEN 36                    311 37                                     
28FALKENBERG                                                                    
200000000000faktura: 63701           000000000000201028314906302869740          
26EMMA HEDBORG                                                                  
27KLOSTERGATAN 4 LGH 1402            703 61                                     
28ÖREBRO                                                                        
20000351299362937                    000000000000697817324906302412380          
2500035508                                                                      
26Nyhetsbolaget Sverige AB           Tegeluddsvägen 3-5                         
27                                   11579                                      
28STOCKHOLM                                                                     
29005562736032                                                                  
20005349293061571                    000000000001908050324906302052640          
26M&M Company AB                     Gundas Gata 60                             
27                                   43151                                      
28MÖLNDAL                                                                       
29005567621130                                                                  
20005630293860939                    000000000000419375324906302272730          
26THOMAS COOK NORTHERN EUROPE AB                                                
27                                   10520                                      
28STOCKHOLM                                                                     
29005560419862                                                                  
20005630293853827                    000000000000819100324906302272720          
26THOMAS COOK NORTHERN EUROPE AB                                                
27                                   10520                                      
28STOCKHOLM                                                                     
29005560419862                                                                  
20005630293857538                    000000000000239750324906302272710          
26THOMAS COOK NORTHERN EUROPE AB                                                
27                                   10520                                      
28STOCKHOLM                                                                     
29005560419862                                                                  
15000000000000000000081050090427838532016022300071000000000005108035SEK00000007 
7000000022000000000000000000000002                                              
